<?xml version="1.0" encoding="UTF-8"?>
<record xmlns="http://www.loc.gov/MARC21/slim" xmlns:xsi="http://www.w3.org/2001/XMLSchema-instance" xsi:schemaLocation="http://www.loc.gov/MARC21/slim http://www.loc.gov/standards/marcxml/schema/MARC21slim.xsd">
<leader>00000nam a2200373 a 4500</leader>
<controlfield tag="001">001729650</controlfield>
<controlfield tag="003">NNU</controlfield>
<controlfield tag="005">20130213090553.0</controlfield>
<controlfield tag="008">010518s1928    sy       b    001 0cara d</controlfield>
<datafield tag="035" ind1="9" ind2=" ">
<subfield code="a">NYUb12288532</subfield>
</datafield>
<datafield tag="035" ind1=" " ind2=" ">
<subfield code="a">(CStRLIN)NYUG01-B2141</subfield>
</datafield>
<datafield tag="040" ind1=" " ind2=" ">
<subfield code="a">WaU</subfield>
<subfield code="c">WaU</subfield>
<subfield code="d">MH</subfield>
<subfield code="d">CStRLIN</subfield>
<subfield code="d">UaCaAUL</subfield>
<subfield code="d">NNU</subfield>
</datafield>
<datafield tag="050" ind1=" " ind2="4">
<subfield code="a">BP136.48</subfield>
<subfield code="b">.D563 1928</subfield>
</datafield>
<datafield tag="066" ind1=" " ind2=" ">
<subfield code="c">(3</subfield>
</datafield>
<datafield tag="090" ind1=" " ind2=" ">
<subfield code="a">BP136.48</subfield>
<subfield code="b">.D563 1928</subfield>
</datafield>
<datafield tag="100" ind1="1" ind2=" ">
<subfield code="6">880-01</subfield>
<subfield code="a">Ḥusaynī, Shams al-Dīn Muḥammad ibn ʻAlī,</subfield>
<subfield code="d">1315-1364.</subfield>
</datafield>
<datafield tag="245" ind1="1" ind2="0">
<subfield code="6">880-02</subfield>
<subfield code="a">Dhayl tadhkirat al-ḥuffāẓ lil-Dhahabī /</subfield>
<subfield code="c">taʼlīf Shams al-Dīn Muḥammadibn ʻAlī. (wa-yalīh) Laḥẓ al-alḥāz bi-dhayl Ṭabaqāt al-ḥuffāẓ / lil-ḥafiẓ Taqī al-Dīn Muḥammad ibn Fahd al-Makkī. (wa-yatlūh) Dhayl Ṭabaqāt al-ḥuffāẓ lil-Dhahabī / lil-ḥāfiẓ Jalāl al-Dīn ʻAbd al-Raḥmān al-Suyūtī.</subfield>
</datafield>
<datafield tag="246" ind1="3" ind2=" ">
<subfield code="a">Laḥẓ al-alḥāẓ bi-dhayl Ṭabaqāt al-ḥuffāẓ</subfield>
</datafield>
<datafield tag="246" ind1="3" ind2=" ">
<subfield code="a">Dhayl Ṭabaqāt al-ḥuffāẓ lil-Dhahabī</subfield>
</datafield>
<datafield tag="260" ind1=" " ind2=" ">
<subfield code="6">880-03</subfield>
<subfield code="a">Dimashq</subfield>
<subfield code="b">[Maṭbaʻat al-Ṭawfīq,</subfield>
<subfield code="c">1347 [1928]</subfield>
</datafield>
<datafield tag="300" ind1=" " ind2=" ">
<subfield code="a">454 p. ;</subfield>
<subfield code="c">23 cm.</subfield>
</datafield>
<datafield tag="504" ind1=" " ind2=" ">
<subfield code="a">Includes bibliographical references and indexes.</subfield>
</datafield>
<datafield tag="650" ind1=" " ind2="0">
<subfield code="a">Hadith</subfield>
<subfield code="x">Authorities.</subfield>
</datafield>
<datafield tag="700" ind1="1" ind2=" ">
<subfield code="a">Dhahabī, Muḥammad ibn Aḥmad,</subfield>
<subfield code="d">1274-1348</subfield>
<subfield code="6">880-04</subfield>
<subfield code="t">Tadhkirat al-ḥuffāz.</subfield>
</datafield>
<datafield tag="700" ind1="1" ind2=" ">
<subfield code="a">Dhahabī, Muḥammad ibn Aḥmad,</subfield>
<subfield code="d">1274-1348</subfield>
<subfield code="6">880-05</subfield>
<subfield code="t">Ṭabaqāt al-ḥuffāẓ.</subfield>
</datafield>
<datafield tag="700" ind1="1" ind2=" ">
<subfield code="6">880-06</subfield>
<subfield code="a">Ibn Fahd, Taqī al-Dīn Muḥammad al-Makhī.</subfield>
<subfield code="t">Laḥẓ al-alḥāẓ bi-dhayl Ṭabaqāt al-ḥuffāz.</subfield>
<subfield code="f">1929.</subfield>
</datafield>
<datafield tag="700" ind1="0" ind2=" ">
<subfield code="a">Suyūṭī,</subfield>
<subfield code="d">1445-1505</subfield>
<subfield code="6">880-07</subfield>
<subfield code="t">Dhayl Ṭabaqāt al-ḥuffāẓ.</subfield>
<subfield code="f">1929.</subfield>
</datafield>
<datafield tag="880" ind1="1" ind2=" ">
<subfield code="6">100-01/</subfield>
<subfield code="a">حسيني، شمس الدين محمد ابن علي،</subfield>
<subfield code="d">1315-1364.</subfield>
</datafield>
<datafield tag="880" ind1="1" ind2="0">
<subfield code="6">245-02/</subfield>
<subfield code="a">ذيل تذكرة الحفاظ للذهبي /</subfield>
<subfield code="c">تأليف شمس الدين محمد ابن علي. ويليه لحظ الالحاظ بذيل طبقات الحفاظ / لتقى الدين محمد بن فهد المكي. ويتلوه ذيل طبقات الحفاظ للذهبي / لجلال الدين عبد الرحمن السيوطي.</subfield>
</datafield>
<datafield tag="880" ind1=" " ind2=" ">
<subfield code="6">260-03/</subfield>
<subfield code="a">دمشق :</subfield>
<subfield code="b">مطبعة التوفيق،</subfield>
<subfield code="c">1347 ]1928[</subfield>
</datafield>
<datafield tag="880" ind1="1" ind2=" ">
<subfield code="6">700-04/</subfield>
<subfield code="a">ذهبي، محمد ابن أحمد،</subfield>
<subfield code="d">1274-1348.</subfield>
<subfield code="t">تذكرة الحفاظ.</subfield>
</datafield>
<datafield tag="880" ind1="1" ind2=" ">
<subfield code="6">700-05/</subfield>
<subfield code="a">ذهبي، محمد ابن أحمد،</subfield>
<subfield code="d">1274-1348.</subfield>
<subfield code="t">طبقات الحفاظ.</subfield>
</datafield>
<datafield tag="880" ind1="1" ind2=" ">
<subfield code="6">700-06/</subfield>
<subfield code="a">ابن فهد، تقى الدين محمدالمكي.</subfield>
<subfield code="t">لحظ الالحاظ بذيل طبقات الحفاظ.</subfield>
<subfield code="f">1929.</subfield>
</datafield>
<datafield tag="880" ind1="0" ind2=" ">
<subfield code="6">700-07/</subfield>
<subfield code="a">سيوطي،</subfield>
<subfield code="d">1445-1505.</subfield>
<subfield code="t">ذيل طبقات الحفاظ.</subfield>
<subfield code="f">1929.</subfield>
</datafield>
<datafield tag="OWN" ind1=" " ind2=" ">
<subfield code="a">GENERAL</subfield>
</datafield>
<datafield tag="998" ind1=" " ind2=" ">
<subfield code="a">20010518</subfield>
<subfield code="d">20010518</subfield>
<subfield code="d">20030712</subfield>
<subfield code="n">NNU</subfield>
<subfield code="s">1</subfield>
<subfield code="t">c</subfield>
<subfield code="z">p</subfield>
</datafield>
<datafield tag="AVA" ind1=" " ind2=" ">
<subfield code="a">NYU50</subfield>
<subfield code="b">BOBST</subfield>
<subfield code="c">Main Collection</subfield>
<subfield code="d">BP136.48 .D563 1928</subfield>
<subfield code="e">unavailable</subfield>
<subfield code="t">Unavailable</subfield>
<subfield code="f">1</subfield>
<subfield code="g">1</subfield>
<subfield code="h">N</subfield>
<subfield code="i">0</subfield>
<subfield code="j">MAIN</subfield>
<subfield code="k">0</subfield>
</datafield>
</record>
